@article{Orlhac2022Feb,
	author = {Orlhac, Fanny and Eertink, Jakoba J. and Cottereau, Anne-S{\ifmmode\acute{e}\else\'{e}\fi}gol{\ifmmode\grave{e}\else\`{e}\fi}ne and Zijlstra, Jos{\ifmmode\acute{e}\else\'{e}\fi}e M. and Thieblemont, Catherine and Meignan, Michel and Boellaard, Ronald and Buvat, Ir{\ifmmode\grave{e}\else\`{e}\fi}ne},
	title = {{A Guide to ComBat Harmonization of Imaging Biomarkers in Multicenter Studies}},
	journal = {Journal of Nuclear Medicine},
	volume = {63},
	number = {2},
	pages = {172},
	year = {2022},
	month = feb,
	publisher = {Society of Nuclear Medicine and Molecular Imaging},
	doi = {10.2967/jnumed.121.262464}
}

@article{Bayer2022Oct,
	author = {Bayer, Johanna M. M. and Thompson, Paul M. and Ching, Christopher R. K. and Liu, Mengting and Chen, Andrew and Panzenhagen, Alana C. and Jahanshad, Neda and Marquand, Andre and Schmaal, Lianne and S{\ifmmode\ddot{a}\else\"{a}\fi}mann, Philipp G.},
	title = {{Site effects how-to and when: An overview of retrospective techniques to accommodate site effects in multi-site neuroimaging analyses}},
	journal = {Frontiers in Neurology},
	volume = {13},
	pages = {923988},
	year = {2022},
	month = oct,
	issn = {1664-2295},
	publisher = {Frontiers},
	doi = {10.3389/fneur.2022.923988}
}

@article{Stuart2010Feb,
	author = {Stuart, Elizabeth A.},
	title = {{Matching Methods for Causal Inference: A Review and a Look Forward}},
	journal = {Statist. Sci.},
	volume = {25},
	number = {1},
	pages = {1--21},
	year = {2010},
	month = {Feb},
	issn = {0883-4237},
	publisher = {Institute of Mathematical Statistics},
	doi = {10.1214/09-STS313}
}

@article{Tan2006Dec,
	author = {Tan, Zhiqiang},
	title = {{Regression and Weighting Methods for Causal Inference Using Instrumental Variables}},
	journal = {J. Am. Stat. Assoc.},
	volume = {101},
	number = {476},
	pages = {1607--1618},
	year = {2006},
	month = dec,
	issn = {0162-1459},
	publisher = {Taylor {\&} Francis},
	doi = {10.1198/016214505000001366}
}

@article{Lopez2017Aug,
	author = {Lopez, Michael J. and Gutman, Roee},
	title = {{Estimation of Causal Effects with Multiple Treatments: A Review and New Ideas}},
	journal = {Statist. Sci.},
	volume = {32},
	number = {3},
	pages = {432--454},
	year = {2017},
	month = aug,
	issn = {0883-4237},
	publisher = {Institute of Mathematical Statistics},
	doi = {10.1214/17-STS612}
}

@article{Setoguchi2008Jun,
	author = {Setoguchi, Soko and Schneeweiss, Sebastian and Brookhart, M. Alan and Glynn, Robert J. and Cook, E. Francis},
	title = {{Evaluating uses of data mining techniques in propensity score estimation: a simulation study}},
	journal = {Pharmacoepidemiol. Drug Saf.},
	volume = {17},
	number = {6},
	pages = {546},
	year = {2008},
	month = jun,
	publisher = {NIH Public Access},
	doi = {10.1002/pds.1555}
}

@article{Westreich2010Aug,
	author = {Westreich, Daniel and Lessler, Justin and Funk, Michele Jonsson},
	title = {{Propensity score estimation: neural networks, support vector machines, decision trees (CART), and meta-classifiers as alternatives to logistic regression}},
	journal = {J. Clin. Epidemiol.},
	volume = {63},
	number = {8},
	pages = {826--833},
	year = {2010},
	month = aug,
	issn = {0895-4356},
	publisher = {Pergamon},
	doi = {10.1016/j.jclinepi.2009.11.020}
}

@article{Fortin2018Feb,
	author = {Fortin, Jean-Philippe and Cullen, Nicholas and Sheline, Yvette I. and Taylor, Warren D. and Aselcioglu, Irem and Cook, Philip A. and Adams, Phil and Cooper, Crystal and Fava, Maurizio and McGrath, Patrick J. and McInnis, Melvin and Phillips, Mary L. and Trivedi, Madhukar H. and Weissman, Myrna M. and Shinohara, Russell T.},
	title = {{Harmonization of cortical thickness measurements across scanners and sites}},
	journal = {Neuroimage},
	volume = {167},
	pages = {104},
	year = {2018},
	month = feb,
	publisher = {NIH Public Access},
	doi = {10.1016/j.neuroimage.2017.11.024}
}

@article{Pastore2019,
	author = {Pastore, Massimiliano and Calcagn{\ifmmode\grave{\imath}\else\`{\i}\fi}, Antonio},
	title = {{Measuring Distribution Similarities Between Samples: A Distribution-Free Overlapping Index}},
	journal = {Front. Psychol.},
	volume = {0},
	year = {2019},
	issn = {1664-1078},
	publisher = {Frontiers},
	doi = {10.3389/fpsyg.2019.01089}
}

@article{Westreich2019Feb,
	author = {Westreich, Daniel and Edwards, Jessie K. and Lesko, Catherine R. and Cole, Stephen R. and Stuart, Elizabeth A.},
	title = {{Target Validity and the Hierarchy of Study Designs}},
	journal = {Am. J. Epidemiol.},
	volume = {188},
	number = {2},
	pages = {438},
	year = {2019},
	month = feb,
	publisher = {Oxford University Press},
	doi = {10.1093/aje/kwy228}
}

@book{vdv,
	author = {van der Vaart, A. W.},
	title = {{Asymptotic Statistics}},
	journal = {Cambridge Core},
	year = {1998},
	month = oct,
	isbn = {978-0-51180225-6},
	publisher = {Cambridge University Press},
	address = {Cambridge, England, UK},
	doi = {10.1017/CBO9780511802256}
}

@article{Weis2020Mar,
	author = {Weis, Susanne and Patil, Kaustubh R. and Hoffstaedter, Felix and Nostro, Alessandra and Yeo, B. T. Thomas and Eickhoff, Simon B.},
	title = {{Sex Classification by Resting State Brain Connectivity}},
	journal = {Cereb. Cortex},
	volume = {30},
	number = {2},
	pages = {824--835},
	year = {2020},
	month = {Mar},
	issn = {1047-3211},
	publisher = {Oxford Academic},
	doi = {10.1093/cercor/bhz129}
}

@article{Ingalhalikar2014Jan,
	author = {Ingalhalikar, Madhura and Smith, Alex and Parker, Drew and Satterthwaite, Theodore D. and Elliott, Mark A. and Ruparel, Kosha and Hakonarson, Hakon and Gur, Raquel E. and Gur, Ruben C. and Verma, Ragini},
	title = {{Sex differences in the structural connectome of the human brain}},
	journal = {Proc. Natl. Acad. Sci. U.S.A.},
	volume = {111},
	number = {2},
	pages = {823--828},
	year = {2014},
	month = {Jan},
	issn = {0027-8424},
	publisher = {National Academy of Sciences},
	doi = {10.1073/pnas.1316909110}
}

@article{Satterthwaite2015Sep,
	author = {Satterthwaite, Theodore D. and Wolf, Daniel H. and Roalf, David R. and Ruparel, Kosha and Erus, Guray and Vandekar, Simon and Gennatas, Efstathios D. and Elliott, Mark A. and Smith, Alex and Hakonarson, Hakon and Verma, Ragini and Davatzikos, Christos and Gur, Raquel E. and Gur, Ruben C.},
	title = {{Linked Sex Differences in Cognition and Functional Connectivity in Youth}},
	journal = {Cerebral Cortex (New York, NY)},
	volume = {25},
	number = {9},
	pages = {2383},
	year = {2015},
	month = {Sep},
	publisher = {Oxford University Press},
	doi = {10.1093/cercor/bhu036}
}

@article{Varangis2019,
	author = {Varangis, Eleanna and Habeck, Christian G. and Razlighi, Qolamreza R. and Stern, Yaakov},
	title = {{The Effect of Aging on Resting State Connectivity of Predefined Networks in the Brain}},
	journal = {Front. Aging Neurosci.},
	volume = {0},
	year = {2019},
	issn = {1663-4365},
	publisher = {Frontiers},
	doi = {10.3389/fnagi.2019.00234}
}

@article{Sala-Llonch2015,
	author = {Sala-Llonch, Roser and Bartr{\ifmmode\acute{e}\else\'{e}\fi}s-Faz, David and Junqu{\ifmmode\acute{e}\else\'{e}\fi}, Carme},
	title = {{Reorganization of brain networks in aging: a review of functional connectivity studies}},
	journal = {Front. Psychol.},
	volume = {0},
	year = {2015},
	issn = {1664-1078},
	publisher = {Frontiers},
	doi = {10.3389/fpsyg.2015.00663}
}

@article{Ding2015Mar,
	author = {Ding, Peng and Miratrix, Luke W.},
	title = {{To Adjust or Not to Adjust? Sensitivity Analysis of M-Bias and Butterfly-Bias}},
	journal = {Journal of Causal Inference},
	volume = {3},
	number = {1},
	pages = {41--57},
	year = {2015},
	month = {Mar},
	issn = {2193-3685},
	publisher = {De Gruyter},
	doi = {10.1515/jci-2013-0021}
}

@article{Forstmeier2017Nov,
	author = {Forstmeier, Wolfgang and Wagenmakers, Eric-Jan and Parker, Timothy H.},
	title = {{Detecting and avoiding likely false-positive findings {\textendash} a practical guide}},
	journal = {Biol. Rev.},
	volume = {92},
	number = {4},
	pages = {1941--1968},
	year = {2017},
	month = {Nov},
	issn = {1464-7931},
	publisher = {John Wiley {\&} Sons, Ltd},
	doi = {10.1111/brv.12315}
}

@article{Misiura2020,
	author = {Misiura, Maria B. and Howell, J. Christina and Wu, Junjie and Qiu, Deqiang and Parker, Monica W. and Turner, Jessica A. and Hu, William T.},
	title = {{Race modifies default mode connectivity in Alzheimer{'}s disease}},
	journal = {Transl. Neurodegener.},
	volume = {9},
	year = {2020},
	publisher = {BioMed Central},
	doi = {10.1186/s40035-020-0186-4}
}

@article{Karcher2021Jan,
	author = {Karcher, Nicole R. and Barch, Deanna M.},
	title = {{The ABCD study: understanding the development of risk for mental and physical health outcomes - Neuropsychopharmacology}},
	journal = {Neuropsychopharmacology},
	volume = {46},
	number = {1},
	pages = {131--142},
	year = {2021},
	month = {Jan},
	issn = {1740-634X},
	publisher = {Nature Publishing Group},
	doi = {10.1038/s41386-020-0736-6}
}

@article{Hampson2012Sep,
	author = {Hampson, Michelle and Tokoglu, Fuyuze and Shen, Xilin and Scheinost, Dustin and Papademetris, Xenophon and Constable, R. Todd},
	title = {{Intrinsic Brain Connectivity Related to Age in Young and Middle Aged Adults}},
	journal = {PLoS One},
	volume = {7},
	number = {9},
	pages = {e44067},
	year = {2012},
	month = {Sep},
	issn = {1932-6203},
	publisher = {Public Library of Science},
	doi = {10.1371/journal.pone.0044067}
}
@article{BH,
	title = {{Controlling the False Discovery Rate: A Practical and Powerful Approach to Multiple Testing}},
	year = {1995},
	journal={Journal of the Royal Statistical Society},
	author={Benjamini, Yoav and Hochberg, Yosef}
}

@article{Hearne2016Aug,
	author = {Hearne, Luke J. and Mattingley, Jason B. and Cocchi, Luca},
	title = {{Functional brain networks related to individual differences in human intelligence at rest}},
	journal = {Sci. Rep.},
	volume = {6},
	number = {32328},
	pages = {1--8},
	year = {2016},
	month = {Aug},
	issn = {2045-2322},
	publisher = {Nature Publishing Group},
	doi = {10.1038/srep32328}
}

@article{Dubois2018Sep,
	author = {Dubois, Julien and Galdi, Paola and Paul, Lynn K. and Adolphs, Ralph},
	title = {{A distributed brain network predicts general intelligence from resting-state human neuroimaging data}},
	journal = {Phil. Trans. R. Soc. B},
	volume = {373},
	number = {1756},
	pages = {20170284},
	year = {2018},
	month = {Sep},
	issn = {1471-2970},
	publisher = {The Royal Society},
	doi = {10.1098/rstb.2017.0284}
}

@article{Duncan2013Mar,
	author = {Duncan, Niall W. and Northoff, Georg},
	title = {{Overview of potential procedural and participant-related confounds for neuroimaging of the resting state}},
	journal = {J. Psychiatry Neurosci.},
	volume = {38},
	number = {2},
	pages = {84},
	year = {2013},
	month = {Mar},
	publisher = {Canadian Medical Association},
	doi = {10.1503/jpn.120059}
}

@article{Carbonell2014Feb,
	author = {Carbonell, F. and Bellec, P. and Shmuel, A.},
	title = {{Quantification of the impact of a confounding variable on functional connectivity confirms anti-correlated networks in the resting-state}},
	journal = {Neuroimage},
	volume = {86},
	pages = {343--53},
	year = {2014},
	month = {Feb},
	issn = {1095-9572},
	publisher = {2013.},
	eprint = {24128734},
	doi = {10.1016/j.neuroimage.2013.10.013}
}

@article{Noble2017Feb,
	author = {Noble, Stephanie and Scheinost, Dustin and Finn, Emily S. and Shen, Xilin and Papademetris, Xenophon and McEwen, Sarah C. and Bearden, Carrie E. and Addington, Jean and Goodyear, Bradley and Cadenhead, Kristin S. and Mirzakhanian, Heline and Cornblatt, Barbara A. and Olvet, Doreen M. and Mathalon, Daniel H. and McGlashan, Thomas H. and Perkins, Diana O. and Belger, Aysenil and Seidman, Larry J. and Thermenos, Heidi and Tsuang, Ming T. and van Erp, Theo G. M. and Walker, Elaine F. and Hamann, Stephan and Woods, Scott W. and Cannon, Tyrone D. and Constable, R. Todd},
	title = {{Multisite reliability of MR-based functional connectivity}},
	journal = {Neuroimage},
	volume = {146},
	pages = {959--970},
	year = {2017},
	month = {Feb},
	issn = {1053-8119},
	publisher = {Academic Press},
	doi = {10.1016/j.neuroimage.2016.10.020}
}

@article{Yamashita2019Apr,
	author = {Yamashita, Ayumu and Yahata, Noriaki and Itahashi, Takashi and Lisi, Giuseppe and Yamada, Takashi and Ichikawa, Naho and Takamura, Masahiro and Yoshihara, Yujiro and Kunimatsu, Akira and Okada, Naohiro and Yamagata, Hirotaka and Matsuo, Koji and Hashimoto, Ryuichiro and Okada, Go and Sakai, Yuki and Morimoto, Jun and Narumoto, Jin and Shimada, Yasuhiro and Kasai, Kiyoto and Kato, Nobumasa and Takahashi, Hidehiko and Okamoto, Yasumasa and Tanaka, Saori C. and Kawato, Mitsuo and Yamashita, Okito and Imamizu, Hiroshi},
	title = {{Harmonization of resting-state functional MRI data across multiple imaging sites via the separation of site differences into sampling bias and measurement bias}},
	journal = {PLoS Biol.},
	volume = {17},
	number = {4},
	pages = {e3000042},
	year = {2019},
	month = {Apr},
	issn = {1545-7885},
	publisher = {Public Library of Science},
	doi = {10.1371/journal.pbio.3000042}
}

@article{Pinto2020,
	author = {Pinto, Ma{\ifmmode\acute{\imath}\else\'{\i}\fi}ra Siqueira and Paolella, Roberto and Billiet, Thibo and Van Dyck, Pieter and Guns, Pieter-Jan and Jeurissen, Ben and Ribbens, Annemie and Dekker, Arnold J. den and Sijbers, Jan},
	title = {{Harmonization of Brain Diffusion MRI: Concepts and Methods}},
	journal = {Front. Neurosci.},
	volume = {14},
	year = {2020},
	publisher = {Frontiers Media SA},
	doi = {10.3389/fnins.2020.00396}
}

@article{Cetin-Karayumak2020Nov,
	author = {Cetin-Karayumak, Suheyla and Stegmayer, Katharina and Walther, Sebastian and Szeszko, Philip R. and Crow, Tim and James, Anthony and Keshavan, Matcheri and Kubicki, Marek and Rathi, Yogesh},
	title = {{Exploring the limits of ComBat method for multi-site diffusion MRI harmonization}},
	journal = {bioRxiv},
	pages = {2020.11.20.390120},
	year = {2020},
	month = {Nov},
	publisher = {Cold Spring Harbor Laboratory},
	eprint = {2020.11.20.390120},
	url = {https://doi.org/10.1101/2020.11.20.390120}
}

@article{Pomponio2020Mar,
	author = {Pomponio, Raymond and Erus, Guray and Habes, Mohamad and Doshi, Jimit and Srinivasan, Dhivya and Mamourian, Elizabeth and Bashyam, Vishnu and Nasrallah, Ilya M. and Satterthwaite, Theodore D. and Fan, Yong and Launer, Lenore J. and Masters, Colin L. and Maruff, Paul and Zhuo, Chuanjun and V{\ifmmode\ddot{o}\else\"{o}\fi}lzke, Henry and Johnson, Sterling C. and Fripp, Jurgen and Koutsouleris, Nikolaos and Wolf, Daniel H. and Gur, Raquel and Gur, Ruben and Morris, John and Albert, Marilyn S. and Grabe, Hans J. and Resnick, Susan M. and Bryan, R. Nick and Wolk, David A. and Shinohara, Russell T. and Shou, Haochang and Davatzikos, Christos},
	title = {{Harmonization of large MRI datasets for the analysis of brain imaging patterns throughout the lifespan}},
	journal = {Neuroimage},
	volume = {208},
	pages = {116450},
	year = {2020},
	month = {Mar},
	issn = {1053-8119},
	publisher = {Academic Press},
	doi = {10.1016/j.neuroimage.2019.116450}
}

@article{Yu2018Nov,
	author = {Yu, Meichen and Linn, Kristin A. and Cook, Philip A. and Phillips, Mary L. and McInnis, Melvin and Fava, Maurizio and Trivedi, Madhukar H. and Weissman, Myrna M. and Shinohara, Russell T. and Sheline, Yvette I.},
	title = {{Statistical harmonization corrects site effects in functional connectivity measurements from multi-site fMRI data}},
	journal = {Hum. Brain Mapp.},
	volume = {39},
	number = {11},
	pages = {4213--4227},
	year = {2018},
	month = {Nov},
	issn = {1065-9471},
	publisher = {John Wiley {\&} Sons, Ltd},
	doi = {10.1002/hbm.24241}
}
@article{Miao2020Nov,
	author = {Miao, Wang and Hu, Wenjie and Ogburn, Elizabeth L. and Zhou, Xiaohua},
	title = {{Identifying effects of multiple treatments in the presence of unmeasured confounding}},
	journal = {arXiv},
	year = {2020},
	month = {Nov},
	eprint = {2011.04504},
	url = {https://arxiv.org/abs/2011.04504v3}
}


@article{Meier2009Dec,
	author = {Meier, Lukas and van de Geer, Sara and B{\ifmmode\ddot{u}\else\"{u}\fi}hlmann, Peter},
	title = {{High-dimensional additive modeling}},
	journal = {Annals of Statistics},
	volume = {37},
	number = {6B},
	pages = {3779--3821},
	year = {2009},
	month = dec,
	issn = {0090-5364},
	publisher = {Institute of Mathematical Statistics},
	doi = {10.1214/09-AOS692}
}

@article{Bridgeford2023Jul,
	author = {Bridgeford, Eric W. and Chung, Jaewon and Gilbert, Brian and Panda, Sambit and Li, Adam and Shen, Cencheng and Badea, Alexandra and Caffo, Brian and Vogelstein, Joshua T.},
	title = {{Learning sources of variability from high-dimensional observational studies}},
	journal = {ArXiv e-prints},
	year = {2023},
	month = jul,
	eprint = {2307.13868},
	doi = {10.48550/arXiv.2307.13868}
}

@article{Pearl2014Dec,
	author = {Pearl, Judea},
	title = {{Interpretation and identification of causal mediation}},
	journal = {Psychological Methods},
	volume = {19},
	number = {4},
	pages = {459--481},
	year = {2014},
	month = dec,
	issn = {1939-1463},
	publisher = {PsycINFO Database Record (c) 2014 APA},
	eprint = {24885338},
	doi = {10.1037/a0036434}
}
@article{Chen2022Mar,
	author = {Chen, Andrew A. and Beer, Joanne C. and Tustison, Nicholas J. and Cook, Philip A. and Shinohara, Russell T. and Shou, Haochang and Initiative, Alzheimer's Disease Neuroimaging},
	title = {{Mitigating site effects in covariance for machine learning in neuroimaging data}},
	journal = {Human Brain Mapping},
	volume = {43},
	number = {4},
	pages = {1179--1195},
	year = {2022},
	month = mar,
	issn = {1097-0193},
	publisher = {2021 The Authors. Human Brain MappingWiley Periodicals LLC.},
	eprint = {34904312},
	doi = {10.1002/hbm.25688}
}

@article{Cole2009Jan,
	author = {Cole, Stephen R. and Frangakis, Constantine E.},
	title = {{The Consistency Statement in Causal Inference: A Definition or an Assumption?}},
	journal = {Epidemiology},
	volume = {20},
	number = {1},
	pages = {3},
	year = {2009},
	month = jan,
	issn = {1044-3983},
	publisher = {Wolters Kluwer},
	doi = {10.1097/EDE.0b013e31818ef366}
}


@misc{Lopez2014,
	author = {Lopez, Michael J. and Gutman, R.},
	title = {{Matching to estimate the causal effects from multiple treatments}},
	year = {2014},
	note = {[Online; accessed 9. Feb. 2023]},
	url = {https://www.semanticscholar.org/paper/Matching-to-estimate-the-causal-effects-from-Lopez-Gutman/11ca8c8fa81498fe75349cff0001552c89115c8c}
}

@article{Wang2015,
	author = {Wang, Xueqin and Pan, Wenliang and Hu, Wenhao and Tian, Yuan and Zhang, Heping},
	title = {{Conditional Distance Correlation}},
	journal = {J. Am. Stat. Assoc.},
	volume = {110},
	number = {512},
	pages = {1726},
	year = {2015},
	publisher = {NIH Public Access},
	doi = {10.1080/01621459.2014.993081}
}

@article{Xu2020Dec,
	author = {Xu, Mengjia},
	title = {{Understanding graph embedding methods and their applications}},
	journal = {ArXiv e-prints},
	year = {2020},
	month = dec,
	eprint = {2012.08019},
	doi = {10.48550/arXiv.2012.08019}
}

@article{Fu2020Feb,
	author = {Fu, Xinyu and Zhang, Jiani and Meng, Ziqiao and King, Irwin},
	title = {{MAGNN: Metapath Aggregated Graph Neural Network for Heterogeneous Graph Embedding}},
	journal = {ArXiv e-prints},
	year = {2020},
	month = feb,
	eprint = {2002.01680},
	doi = {10.1145/3366423.3380297}
}

@article{Arroyo2021,
	author = {Arroyo, Jes{\ifmmode\acute{u}\else\'{u}\fi}s and Athreya, Avanti and Cape, Joshua and Chen, Guodong and Priebe, Carey E. and Vogelstein, Joshua T.},
	title = {{Inference for Multiple Heterogeneous Networks with a Common Invariant Subspace}},
	journal = {Journal of Machine Learning Research},
	volume = {22},
	number = {142},
	pages = {1--49},
	year = {2021},
	issn = {1533-7928},
	url = {https://jmlr.org/papers/v22/19-558.html}
}

@article{Athreya2017Jan,
	author = {Athreya, Avanti and Fishkind, Donniell E. and Tang, Minh and Priebe, Carey E. and Park, Youngser and Vogelstein, Joshua T. and Levin, Keith and Lyzinski, Vince and Qin, Yichen},
	title = {{Statistical inference on random dot product graphs: a survey}},
	journal = {Journal of Machine Learning Research},
	volume = {18},
	number = {1},
	pages = {8393--8484},
	year = {2017},
	month = jan,
	issn = {1532-4435},
	publisher = {JMLR.org},
	doi = {10.5555/3122009.3242083}
}

@article{Huang2010Aug,
	author = {Huang, Jian and Horowitz, Joel L. and Wei, Fengrong},
	title = {{VARIABLE SELECTION IN NONPARAMETRIC ADDITIVE MODELS}},
	journal = {Annals of statistics},
	volume = {38},
	number = {4},
	pages = {2282},
	year = {2010},
	month = aug,
	publisher = {NIH Public Access},
	doi = {10.1214/09-AOS781}
}

@article{Robins1986Jan,
	author = {Robins, James},
	title = {{A new approach to causal inference in mortality studies with a sustained exposure period{\ifmmode---\else\textemdash\fi}application to control of the healthy worker survivor effect}},
	journal = {Mathematical Modelling},
	volume = {7},
	number = {9},
	pages = {1393--1512},
	year = {1986},
	month = {Jan},
	issn = {0270-0255},
	publisher = {Pergamon},
	doi = {10.1016/0270-0255(86)90088-6}
}

@article{Wachinger2020Feb,
	author = {Wachinger, Christian and Rieckmann, Anna and P{\ifmmode\ddot{o}\else\"{o}\fi}lsterl, Sebastian},
	title = {{Detect and Correct Bias in Multi-Site Neuroimaging Datasets}},
	journal = {arXiv},
	year = {2020},
	month = {Feb},
	eprint = {2002.05049},
	doi = {10.1016/j.media.2020.101879}
}
@article{Pearl2009Jan,
	author = {Pearl, Judea},
	title = {{Causal inference in statistics: An overview}},
	journal = {ssu},
	volume = {3},
	number = {none},
	pages = {96--146},
	year = {2009},
	month = {Jan},
	issn = {1935-7516},
	publisher = {Amer. Statist. Assoc., the Bernoulli Soc., the Inst. Math. Statist., and the Statist. Soc. Canada},
	doi = {10.1214/09-SS057}
}

@book{Pearl2010Jul,
	author = {Pearl, Judea},
	title = {{On measurement bias in causal inference}},
	journal = {Proceedings of the Twenty-Sixth Conference on Uncertainty in Artificial Intelligence},
	year = {2010},
	month = {Jul},
	isbn = {978-0-97490396-5},
	publisher = {AUAI Press},
	address = {Arlington, TX, USA},
	doi = {10.5555/3023549.3023599}
}

@Article{matchit,
  title = {{MatchIt}: Nonparametric Preprocessing for Parametric Causal Inference},
  author = {Ho, Daniel E and Imai, Kosuke and King, Gary and Stuart, Elizabeth A},
  journal = {Journal of Statistical Software},
  year = {2011},
  volume = {42},
  number = {8},
  pages = {1--28},
  url = {https://www.jstatsoft.org/v42/i08/},
}

@book{Hettmansperger2010,
	author = {Hettmansperger, Thomas P and McKean, Joseph W},
	title = {{Robust Nonparametric Statistical Methods}},
	journal = {Taylor {\&} Francis},
	year = {2010},
	month = {Dec},
	isbn = {978-0-42913110-3},
	publisher = {Taylor {\&} Francis},
	address = {Andover, England, UK},
	doi = {10.1201/b10451}
}

@article{Chung2020Aug,
	author = {Chung, Jaewon and Bridgeford, Eric and Arroyo, Jesus and Pedigo, Benjamin D. and Saad-Eldin, Ali and Gopalakrishnan, Vivek and Xiang, Liang and Priebe, Carey E. and Vogelstein, Joshua T.},
	title = {{Statistical Connectomics}},
	journal = {OSF Preprints},
	year = {2020},
	month = {Aug},
	publisher = {OSF Preprints},
	doi = {10.31219/osf.io/ek4n3}
}

@article{aal,
    title={{Automated anatomical labeling of activations in SPM using a macroscopic anatomical parcellation of the MNI MRI single-subject brain}},
    year={2002},
    author={N Tzourio-Mazoyer, N and Landeau, B and Papathanassiou,D and Crivello, F and Etard, O and Delcroix, N and Mazoyer, B and Joliot, M},
    journal={Neuroimage},
    month={Jan},
    doi={10.1006/nimg.2001.0978}
}

@article{Rubin1973,
	title = {{The Use of Matched Sampling and Regression Adjustment to Remove Bias in Observational Studies}},
	year = {1973},
	month = {Mar},
	journal={International Biometric Society},
	author={Rubin, Donald},
	doi={10.2307/2529685}
}

@article{Powell2020Sep,
	author = {Powell, Michael and Koenecke, Allison and Byrd, James Brian and Nishimura, Akihiko and Konig, Maximilian F. and Xiong, Ruoxuan and Mahmood, Sadiqa and Mucaj, Vera and Bettegowda, Chetan and Rose, Liam and Tamang, Suzanne and Sacarny, Adam and Caffo, Brian and Athey, Susan and Stuart, Elizabeth A. and Vogelstein, Joshua T.},
	title = {{A how-to guide for conducting retrospective analyses: example COVID-19 study}},
	journal = {OSF Preprints},
	year = {2020},
	month = {Sep},
	publisher = {OSF Preprints},
	doi = {10.31219/osf.io/3drch}
}
@article{Johnson2007Jan,
	author = {Johnson, W. Evan and Li, Cheng and Rabinovic, Ariel},
	title = {{Adjusting batch effects in microarray expression data using empirical Bayes methods}},
	journal = {Biostatistics},
	volume = {8},
	number = {1},
	pages = {118--127},
	year = {2007},
	month = {Jan},
	issn = {1465-4644},
	publisher = {Oxford Academic},
	doi = {10.1093/biostatistics/kxj037}
}

@book{Fisher1935,
  added-at = {2015-09-26T14:13:50.000+0200},
  address = {Edinburgh},
  author = {Fisher, R. A.},
  publisher = {Oliver and Boyd},
  title = {{The Design of Experiments}},
  year = 1935
}

@article{Hashem2020,
	author = {Hashem, Sheema and Nisar, Sabah and Bhat, Ajaz A. and Yadav, Santosh Kumar and Azeem, Muhammad Waqar and Bagga, Puneet and Fakhro, Khalid and Reddy, Ravinder and Frenneaux, Michael P. and Haris, Mohammad},
	title = {{Genetics of structural and functional brain changes in autism spectrum disorder}},
	journal = {Translational Psychiatry},
	volume = {10},
	year = {2020},
	publisher = {Nature Publishing Group},
	doi = {10.1038/s41398-020-00921-3}
}

@article{Bareinboim2016Jul,
	author = {Bareinboim, Elias and Pearl, Judea},
	title = {{Causal inference and the data-fusion problem}},
	journal = {Proceedings of the National Academy of Sciences},
	volume = {113},
	number = {27},
	pages = {7345--7352},
	year = {2016},
	month = jul,
	publisher = {Proceedings of the National Academy of Sciences},
	doi = {10.1073/pnas.1510507113}
}

@incollection{Bareinboim2012Mar,
	author = {Bareinboim, Elias and Pearl, Judea},
	title = {{Controlling Selection Bias in Causal Inference}},
	booktitle = {{Artificial Intelligence and Statistics}},
	journal = {PMLR},
	pages = {100--108},
	year = {2012},
	month = mar,
	issn = {1938-7228},
	publisher = {PMLR},
	url = {https://proceedings.mlr.press/v22/bareinboim12.html}
}

@article{Konrad2010Jun,
	author = {Konrad, Kerstin and Eickhoff, Simon B.},
	title = {{Is the ADHD brain wired differently? A review on structural and functional connectivity in attention deficit hyperactivity disorder}},
	journal = {Human Brain Mapping},
	volume = {31},
	number = {6},
	pages = {904},
	year = {2010},
	month = jun,
	publisher = {Wiley-Blackwell},
	doi = {10.1002/hbm.21058}
}

@article{Vogelstein2019Apr,
	author = {Vogelstein, Joshua T. and Bridgeford, Eric W. and Pedigo, Benjamin D. and Chung, Jaewon and Levin, Keith and Mensh, Brett and Priebe, Carey E.},
	title = {{Connectal coding: discovering the structures linking cognitive phenotypes to individual histories}},
	journal = {Current Opinion in Neurobiology},
	volume = {55},
	pages = {199--212},
	year = {2019},
	month = apr,
	issn = {0959-4388},
	publisher = {Elsevier Current Trends},
	doi = {10.1016/j.conb.2019.04.005}
}

@article{Vogelstein2019-zt,
  title    = "{Discovering and deciphering relationships across disparate data
              modalities}",
  author   = "Vogelstein, Joshua T and Bridgeford, Eric W and Wang, Qing and
              Priebe, Carey E and Maggioni, Mauro and Shen, Cencheng",
  journal  = "Elife",
  volume   =  8,
  month    =  jan,
  year     =  2019,
  url      = "http://dx.doi.org/10.7554/eLife.41690",
  keywords = "computational biology; human; neuroscience; systems biology",
  language = "en"
}


@article{Shen2017-ub,
  title         = "{From Distance Correlation to Multiscale Generalized
                   Correlation}",
  author        = "Shen, Cencheng and Priebe, Carey E and Vogelstein, Joshua T",
  journal       = "Journal of American Statistical Association",
  month         =  oct,
  year          =  2017,
  url           = "http://arxiv.org/abs/1710.09768",
  archivePrefix = "arXiv",
  primaryClass  = "stat.ML",
  eprint        = "1710.09768"
}


@article{Szekely2007Dec,
	author = {Sz{\ifmmode\acute{e}\else\'{e}\fi}kely, G{\ifmmode\acute{a}\else\'{a}\fi}bor J. and Rizzo, Maria L. and Bakirov, Nail K.},
	title = {{Measuring and testing dependence by correlation of distances}},
	journal = {Ann. Stat.},
	volume = {35},
	number = {6},
	pages = {2769--2794},
	year = {2007},
	month = {Dec},
	issn = {0090-5364},
	publisher = {Institute of Mathematical Statistics},
	doi = {10.1214/009053607000000505}
}

@article{Szekely2014Dec,
	author = {Sz{\ifmmode\acute{e}\else\'{e}\fi}kely, G{\ifmmode\acute{a}\else\'{a}\fi}bor J. and Rizzo, Maria L.},
	title = {{Partial distance correlation with methods for dissimilarities}},
	journal = {Ann. Stat.},
	volume = {42},
	number = {6},
	pages = {2382--2412},
	year = {2014},
	month = {Dec},
	issn = {0090-5364},
	publisher = {Institute of Mathematical Statistics},
	doi = {10.1214/14-AOS1255}
}

@book{Senn2002Aug,
	author = {Senn, Stephen S.},
	title = {{Cross-over Trials in Clinical Research, 2nd Edition}},
	year = {2002},
	month = {Aug},
	isbn = {978-0-471-49653-3},
	publisher = {Wiley},
	address = {Hoboken, NJ, USA},
	url = {https://www.wiley.com/en-us/Cross+over+Trials+in+Clinical+Research%2C+2nd+Edition-p-9780471496533}
}

@article{Lee2011,
	author = {Lee, Brian K. and Lessler, Justin and Stuart, Elizabeth A.},
	title = {{Weight Trimming and Propensity Score Weighting}},
	journal = {PLoS One},
	volume = {6},
	number = {3},
	year = {2011},
	publisher = {Public Library of Science},
	doi = {10.1371/journal.pone.0018174}
}
@book{Jones2003,
	author = {Jones, Byron and Kenward, Michael G.},
	title = {{Design and Analysis of Cross-Over Trials, Second Edition}},
	year = {2003},
	month = {Mar},
	isbn = {978-0-41260640-3},
	publisher = {CRC Press},
	address = {Boca Raton, FL, USA},
	url = {https://books.google.com/books/about/Design_and_Analysis_of_Cross_Over_Trials.html?id=c_6t7cpteLsC}
}

@article{Imai2008Mar,
	author = {Imai, Kosuke and King, Gary and Stuart, Elizabeth A.},
	title = {{Misunderstandings between experimentalists and observationalists about causal inference}},
	journal = {Journal of the Royal Statistical Society: Series A (Statistics in Society)},
	volume = {171},
	number = {2},
	pages = {481--502},
	year = {2008},
	month = {Apr},
	issn = {0964-1998},
	publisher = {John Wiley {\&} Sons, Ltd},
	doi = {10.1111/j.1467-985X.2007.00527.x}
}

@article{Rubin1976,
	title = {{Multivariate Matching Methods That are Equal Percent Bias Reducing, I: Some Examples}},
	year = {1976},
	month = {Mar},
	journal={International Biometric Society},
	author={Rubin, Donald},
	doi={10.2307/2529342}
}


@ARTICLE{Spearman1904-mu,
  title   = "{{The Proof and Measurement of Association between Two Things}}",
  author  = "Spearman, C",
  journal = "Am. J. Psychol.",
  volume  =  15,
  number  =  1,
  pages   = "72",
  month   =  jan,
  year    =  1904
}

@article{Nee2019Apr,
	author = {Nee, Derek Evan},
	title = {{fMRI replicability depends upon sufficient individual-level data}},
	journal = {Commun. Biol.},
	volume = {2},
	number = {130},
	pages = {1--4},
	year = {2019},
	month = {Apr},
	issn = {2399-3642},
	publisher = {Nature Publishing Group},
	doi = {10.1038/s42003-019-0378-6}
}

@article{Park2010Jul,
	author = {Park, Denise C. and Huang, Chih-Mao},
	title = {{Culture Wires the Brain: A Cognitive Neuroscience Perspective}},
	journal = {Perspectives on psychological science : a journal of the Association for Psychological Science},
	volume = {5},
	number = {4},
	pages = {391},
	year = {2010},
	month = jul,
	publisher = {NIH Public Access},
	doi = {10.1177/1745691610374591}
}

@article{JianqiaoGe2023Jan,
	author = {Ge, Jianqiao and Yang, Guoyuan and Han, Meizhen and Zhou, Sizhong and Men, Weiwei and Qin, Lang and Lyu, Bingjiang and Li, Hai and Wang, Haobo and Rao, Hengyi and Cui, Zaixu and Liu, Hesheng and Zuo, Xi-Nian and Gao, Jia-Hong},
	title = {{Increasing diversity in connectomics with the Chinese Human Connectome Project}},
	journal = {Nature Neuroscience},
	volume = {26},
	number = {1},
	pages = {163--172},
	year = {2023},
	month = jan,
	issn = {1546-1726},
	publisher = {2022. The Author(s), under exclusive licence to Springer Nature America, Inc.},
	eprint = {36536245},
	doi = {10.1038/s41593-022-01215-1}
}

@article{Turner2018Jun,
	author = {Turner, Benjamin O. and Paul, Erick J. and Miller, Michael B. and Barbey, Aron K.},
	title = {{Small sample sizes reduce the replicability of task-based fMRI studies}},
	journal = {Commun. Biol.},
	volume = {1},
	number = {62},
	pages = {1--10},
	year = {2018},
	month = {Jun},
	issn = {2399-3642},
	publisher = {Nature Publishing Group},
	doi = {10.1038/s42003-018-0073-z}
}

@article{Efron2004Mar,
	author = {Efron, Bradley},
	title = {{Large-Scale Simultaneous Hypothesis Testing}},
	journal = {J. Am. Stat. Assoc.},
	volume = {99},
	number = {465},
	pages = {96--104},
	year = {2004},
	month = {Mar},
	issn = {0162-1459},
	publisher = {Taylor {\&} Francis},
	doi = {10.1198/016214504000000089}
}

@article{Stone1993Jan,
	author = {Stone, Richard},
	title = {{The Assumptions on Which Causal Inferences Rest}},
	journal = {Journal of the Royal Statistical Society: Series B (Methodological)},
	volume = {55},
	number = {2},
	pages = {455--466},
	year = {1993},
	month = {Jan},
	issn = {0035-9246},
	publisher = {John Wiley {\&} Sons, Ltd},
	doi = {10.1111/j.2517-6161.1993.tb01915.x}
}

@article{m2g,
	author = {Kiar, Gregory and Bridgeford, Eric W. and Gray Roncal, William R. and {} and Chandrashekhar, Vikram and Mhembere, Disa and Ryman, Sephira and Zuo, Xi-Nian and Margulies, Daniel S. and Craddock, R. Cameron and Priebe, Carey E. and Jung, Rex and Calhoun, Vince D. and Caffo, Brian and Burns, Randal and Milham, Michael P. and Vogelstein, Joshua T.},
	title = {{A High-Throughput Pipeline Identifies Robust Connectomes But Troublesome Variability}},
	journal = {bioRxiv},
	pages = {188706},
	year = {2018},
	month = {Apr},
	publisher = {Cold Spring Harbor Laboratory},
	eprint = {188706},
	url = {https://doi.org/10.1101/188706}
}

@MISC{Leek2015-jc,
  title        = "{Statistics: \textit{P} values are just the tip of the iceberg}",
  author       = "Leek, Jeffrey T and Peng, Roger D",
  month        =  apr,
  year         =  2015,
  howpublished = "\url{http://www.nature.com/news/statistics-p-values-are-just-the-tip-of-the-iceberg-1.17412}",
  note         = "Accessed: 2020-10-12"
}



@ARTICLE{Leek2010-ua,
  title     = "{Tackling the widespread and critical impact of batch effects in
               high-throughput data}",
  author    = "Leek, Jeffrey T and Scharpf, Robert B and Bravo, H{\'e}ctor
               Corrada and Simcha, David and Langmead, Benjamin and Johnson, W
               Evan and Geman, Donald and Baggerly, Keith and Irizarry, Rafael
               A",
  journal   = "Nat. Rev. Genet.",
  publisher = "Nature Publishing Group, a division of Macmillan Publishers
               Limited. All Rights Reserved.",
  volume    =  11,
  number    =  10,
  pages     = "733--739",
  month     =  oct,
  year      =  2010,
  language  = "en"
}


@article{Fare2003Sep,
	author = {Fare, Thomas L. and Coffey, Ernest M. and Dai, Hongyue and He, Yudong D. and Kessler, Deborah A. and Kilian, Kristopher A. and Koch, John E. and LeProust, Eric and Marton, Matthew J. and Meyer, Michael R. and Stoughton, Roland B. and Tokiwa, George Y. and Wang, Yanqun},
	title = {{Effects of atmospheric ozone on microarray data quality}},
	journal = {Anal. Chem.},
	volume = {75},
	number = {17},
	pages = {4672--4675},
	year = {2003},
	month = {Sep},
	issn = {0003-2700},
	publisher = {See full text options at American Chemical Society},
	eprint = {14632079},
	doi = {10.1021/ac034241b}
}

@article{Bridgeford2020Dec,
	author = {Bridgeford, Eric W. and Wang, Shangsi and Yang, Zhi and Wang, Zeyi and Xu, Ting and Craddock, Cameron and Dey, Jayanta and Kiar, Gregory and Gray-Roncal, William and Colantuoni, Carlo and Douville, Christopher and Noble, Stephanie and Priebe, Carey E. and Caffo, Brian and Milham, Michael and Zuo, Xi-Nian and {} and Vogelstein, Joshua T.},
	title = {{Eliminating accidental deviations to minimize generalization error and maximize reliability: applications in connectomics and genomics}},
	journal = {bioRxiv},
	pages = {802629},
	year = {2020},
	month = {Dec},
	publisher = {Cold Spring Harbor Laboratory},
	eprint = {802629},
	url = {https://doi.org/10.1101/802629}
}

@article{Rosenbaum1985,
 ISSN = {00031305},
 URL = {http://www.jstor.org/stable/2683903},
 abstract = {Matched sampling is a method for selecting units from a large reservoir of potential controls to produce a control group of modest size that is similar to a treated group with respect to the distribution of observed covariates. We illustrate the use of multivariate matching methods in an observational study of the effects of prenatal exposure to barbiturates on subsequent psychological development. A key idea is the use of the propensity score as a distinct matching variable.},
 author = {Paul R. Rosenbaum and Donald B. Rubin},
 journal = {The American Statistician},
 number = {1},
 pages = {33--38},
 publisher = {[American Statistical Association, Taylor & Francis, Ltd.]},
 title = {Constructing a Control Group Using Multivariate Matched Sampling Methods That Incorporate the Propensity Score},
 volume = {39},
 year = {1985}
}



@article{Rubin1976b,
	title = {{Multivariate Matching Methods That are Equal Percent Bias Reducing, II: Maximums on Bias Reduction for Fixed Sample Sizes}},
	author={Rubin, Donald},
	year = {1976},
	month = {Mar},
	journal={International Biometric Society},
	doi={10.2307/2529343}
}

@article{Rosenbaum1983Apr,
	author = {Rosenbaum, Paul R. and Rubin, Donald B.},
	title = {{The central role of the propensity score in observational studies for causal effects}},
	journal = {Biometrika},
	volume = {70},
	number = {1},
	pages = {41--55},
	year = {1983},
	month = {Apr},
	issn = {0006-3444},
	publisher = {Oxford Academic},
	doi = {10.1093/biomet/70.1.41}
}

@article{Zhang2020Sep,
	author = {Zhang, Yuqing and Parmigiani, Giovanni and Johnson, W. Evan},
	title = {{ComBat-seq: batch effect adjustment for RNA-seq count data}},
	journal = {NAR Genomics Bioinf.},
	volume = {2},
	number = {3},
	year = {2020},
	month = {Sep},
	issn = {2631-9268},
	publisher = {Oxford Academic},
	doi = {10.1093/nargab/lqaa078}
}

@article{friston24,
	author = {Friston, K. J. and Williams, S. and Howard, R. and Frackowiak, R. S. and Turner, R.},
	title = {{Movement-related effects in fMRI time-series}},
	journal = {Magn. Reson. Med.},
	volume = {35},
	number = {3},
	pages = {346--355},
	year = {1996},
	month = {Mar},
	issn = {0740-3194},
	publisher = {See full text options at Wiley},
	eprint = {8699946},
	doi = {10.1002/mrm.1910350312}
}

@article{mni152,
	author = {Fonov, V. S. and Evans, A. C. and McKinstry, R. C. and Almli, C. R. and Collins, D. L.},
	title = {{Unbiased nonlinear average age-appropriate brain templates from birth to adulthood}},
	journal = {Neuroimage},
	volume = {47},
	pages = {S102},
	year = {2009},
	month = {Jul},
	issn = {1053-8119},
	publisher = {Academic Press},
	doi = {10.1016/S1053-8119(09)70884-5}
}

@article{acompcor,
	author = {Behzadi, Yashar and Restom, Khaled and Liau, Joy and Liu, Thomas T.},
	title = {{A Component Based Noise Correction Method (CompCor) for BOLD and Perfusion Based fMRI}},
	journal = {Neuroimage},
	volume = {37},
	number = {1},
	pages = {90},
	year = {2007},
	month = {Aug},
	publisher = {NIH Public Access},
	doi = {10.1016/j.neuroimage.2007.04.042}
}

@article{cpac,
	author = {Craddock, Cameron and Sharad, Sikka and Brian, Cheung and Ranjeet, Khanuja and Satrajit, Ghosh and Chaogan, Yan and Qingyang, Li and Daniel, Lurie and Vogelstein, Joshua and Burns, Randal and Stanley, Colcombe and Mennes, Maarten and Clare, Kelly and Adriana, Di and Castellanos, Francisco and Michael, Milham},
	title = {{Towards Automated Analysis of Connectomes: The Configurable Pipeline for the Analysis of Connectomes (C-PAC)}},
	journal = {Front. Neuroinf.},
	volume = {7},
	year = {2013},
	month = {Jan},
	doi = {10.3389/conf.fninf.2013.09.00042}
}

@article{fnirt,
	author = {Jenkinson, Mark and Beckmann, Christian F. and Behrens, Timothy E. J. and Woolrich, Mark W. and Smith, Stephen M.},
	title = {{FSL}},
	journal = {Neuroimage},
	volume = {62},
	number = {2},
	pages = {782--790},
	year = {2012},
	month = {Aug},
	issn = {1095-9572},
	publisher = {Elsevier Inc},
	eprint = {21979382},
	doi = {10.1016/j.neuroimage.2011.09.015}
}

@article{epireg,
	author = {Greve, Douglas N. and Fischl, Bruce},
	title = {{Accurate and robust brain image alignment using boundary-based registration}},
	journal = {Neuroimage},
	volume = {48},
	number = {1},
	pages = {63--72},
	year = {2009},
	month = {Oct},
	issn = {1095-9572},
	publisher = {See full text options at Elsevier Science},
	eprint = {19573611},
	doi = {10.1016/j.neuroimage.2009.06.060}
}

@article{flirt,
	author = {Jenkinson, Mark and Bannister, Peter and Brady, Michael and Smith, Stephen},
	title = {{Improved optimization for the robust and accurate linear registration and motion correction of brain images}},
	journal = {Neuroimage},
	volume = {17},
	number = {2},
	pages = {825--841},
	year = {2002},
	month = {Oct},
	issn = {1053-8119},
	publisher = {See full text options at Elsevier Science},
	eprint = {12377157},
	doi = {10.1016/s1053-8119(02)91132-8}
}

@article{Lazar2013Jul,
	author = {Lazar, Cosmin and Meganck, Stijn and Taminau, Jonatan and Steenhoff, David and Coletta, Alain and Molter, Colin and Weiss-Sol{\ifmmode\acute{\imath}\else\'{\i}\fi}s, David Y. and Duque, Robin and Bersini, Hugues and Now{\ifmmode\acute{e}\else\'{e}\fi}, Ann},
	title = {{Batch effect removal methods for microarray gene expression data integration: a survey}},
	journal = {Briefings Bioinf.},
	volume = {14},
	number = {4},
	pages = {469--490},
	year = {2013},
	month = {Jul},
	issn = {1477-4054},
	publisher = {See full text options at Silverchair Information Systems},
	eprint = {22851511},
	doi = {10.1093/bib/bbs037}
}

@article{corr,
	author = {Zuo, Xi-Nian and Anderson, Jeffrey S. and Bellec, Pierre and Birn, Rasmus M. and Biswal, Bharat B. and Blautzik, Janusch and Breitner, John C. S. and Buckner, Randy L. and Calhoun, Vince D. and Castellanos, F. Xavier and Chen, Antao and Chen, Bing and Chen, Jiangtao and Chen, Xu and Colcombe, Stanley J. and Courtney, William and Craddock, R. Cameron and Di Martino, Adriana and Dong, Hao-Ming and Fu, Xiaolan and Gong, Qiyong and Gorgolewski, Krzysztof J. and Han, Ying and He, Ye and He, Yong and Ho, Erica and Holmes, Avram and Hou, Xiao-Hui and Huckins, Jeremy and Jiang, Tianzi and Jiang, Yi and Kelley, William and Kelly, Clare and King, Margaret and LaConte, Stephen M. and Lainhart, Janet E. and Lei, Xu and Li, Hui-Jie and Li, Kaiming and Li, Kuncheng and Lin, Qixiang and Liu, Dongqiang and Liu, Jia and Liu, Xun and Liu, Yijun and Lu, Guangming and Lu, Jie and Luna, Beatriz and Luo, Jing and Lurie, Daniel and Mao, Ying and Margulies, Daniel S. and Mayer, Andrew R. and Meindl, Thomas and Meyerand, Mary E. and Nan, Weizhi and Nielsen, Jared A. and O{'}Connor, David and Paulsen, David and Prabhakaran, Vivek and Qi, Zhigang and Qiu, Jiang and Shao, Chunhong and Shehzad, Zarrar and Tang, Weijun and Villringer, Arno and Wang, Huiling and Wang, Kai and Wei, Dongtao and Wei, Gao-Xia and Weng, Xu-Chu and Wu, Xuehai and Xu, Ting and Yang, Ning and Yang, Zhi and Zang, Yu-Feng and Zhang, Lei and Zhang, Qinglin and Zhang, Zhe and Zhang, Zhiqiang and Zhao, Ke and Zhen, Zonglei and Zhou, Yuan and Zhu, Xing-Ting and Milham, Michael P.},
	title = {{An open science resource for establishing reliability and reproducibility in functional connectomics}},
	journal = {Sci. Data},
	volume = {1},
    	number = {140049},
	pages = {1--13},
	year = {2014},
	month = {Dec},
	issn = {2052-4463},
	publisher = {Nature Publishing Group},
	doi = {10.1038/sdata.2014.49}
}

@article{nkirs,
	author = {Nooner, Kate Brody and Colcombe, Stanley and Tobe, Russell and Mennes, Maarten and Benedict, Melissa and Moreno, Alexis and Panek, Laura and Brown, Shaquanna and Zavitz, Stephen and Li, Qingyang and Sikka, Sharad and Gutman, David and Bangaru, Saroja and Schlachter, Rochelle Tziona and Kamiel, Stephanie and Anwar, Ayesha and Hinz, Caitlin and Kaplan, Michelle and Rachlin, Anna and Adelsberg, Samantha and Cheung, Brian and Khanuja, Ranjit and Yan, Chaogan and Craddock, Cameron and Calhoun, Vincent and Courtney, William and King, Margaret and Wood, Dylan and Cox, Christine and Kelly, Clare and DiMartino, Adriana and Petkova, Eva and Reiss, Philip and Duan, Nancy and Thompsen, Dawn and Biswal, Bharat and Coffey, Barbara and Hoptman, Matthew and Javitt, Daniel C. and Pomara, Nunzio and Sidtis, John and Koplewicz, Harold and Castellanos, Francisco Xavier and Leventhal, Bennett and Milham, Michael},
	title = {{The NKI-Rockland Sample: A Model for Accelerating the Pace of Discovery Science in Psychiatry}},
	journal = {Front. Neurosci.},
	volume = {6},
	year = {2012},
	month = {Oct},
	issn = {1662-453X},
	publisher = {Frontiers},
	doi = {10.3389/fnins.2012.00152}
}

@article{di2014autism,
  title={The autism brain imaging data exchange: towards a large-scale evaluation of the intrinsic brain architecture in autism},
  author={Di Martino, Adriana and Yan, Chao-Gan and Li, Qingyang and Denio, Erin and Castellanos, Francisco X and Alaerts, Kaat and Anderson, Jeffrey S and Assaf, Michal and Bookheimer, Susan Y and Dapretto, Mirella and others},
  journal={Molecular psychiatry},
  volume={19},
  number={6},
  pages={659--667},
  year={2014},
  publisher={Nature Publishing Group}
}

@article{di2017enhancing,
  title={Enhancing studies of the connectome in autism using the autism brain imaging data exchange II},
  author={Di Martino, Adriana and O’connor, David and Chen, Bosi and Alaerts, Kaat and Anderson, Jeffrey S and Assaf, Michal and Balsters, Joshua H and Baxter, Leslie and Beggiato, Anita and Bernaerts, Sylvie and others},
  journal={Scientific data},
  volume={4},
  number={1},
  pages={1--15},
  year={2017},
  publisher={Nature Publishing Group}
}
